<?xml version="1.0" encoding="UTF-8"?><collection xmlns="http://www.loc.gov/MARC21/slim"><record><leader>00463nam--2200181-i-4500</leader><controlfield tag="001">000009742</controlfield><controlfield tag="002">20161230</controlfield><controlfield tag="005">20170115232502</controlfield><controlfield tag="008">060222s1000------------r-----000-0-eng-d</controlfield><datafield ind1=" " ind2=" " tag="040"><subfield code="a">IFIN-HH</subfield></datafield><datafield ind1=" " ind2=" " tag="080"><subfield code="a">53.081</subfield></datafield><datafield ind1="1" ind2=" " tag="100"><subfield code="a">Chiswell, B</subfield></datafield><datafield ind1="1" ind2="0" tag="245"><subfield code="a">Si units</subfield><subfield code="c">B. Chiswell, E.C.M. Grigg</subfield></datafield><datafield ind1=" " ind2=" " tag="260"><subfield code="a">Sydney</subfield><subfield code="b">John Wiley &amp; Sons Australasia Pty Ltd</subfield><subfield code="c">1971</subfield></datafield><datafield ind1=" " ind2=" " tag="300"><subfield code="a">116 p</subfield></datafield><datafield ind1="1" ind2=" " tag="700"><subfield code="a">Grigg, E.C.M</subfield></datafield><datafield ind1=" " ind2=" " tag="852"><subfield code="a">33171</subfield><subfield code="c">53.081</subfield></datafield><datafield ind1=" " ind2=" " tag="CAT"><subfield code="a">SYS</subfield><subfield code="c">20170115</subfield><subfield code="h">232502</subfield></datafield></record></collection>